<record><leader>00000cas a22000007a 4500</leader><controlfield tag="001">2712384</controlfield><controlfield tag="008">770201d182718uualuwr ne      0   a0eng  </controlfield><datafield ind1=" " ind2=" " tag="010"><subfield code="a">sn 85025928 </subfield><subfield code="z">   77640440 </subfield></datafield><datafield ind1=" " ind2=" " tag="040"><subfield code="a">DLC</subfield><subfield code="b">eng</subfield><subfield code="c">DLC</subfield><subfield code="d">NPX</subfield><subfield code="d">DLC</subfield><subfield code="d">CPN</subfield><subfield code="d">OCLCG</subfield><subfield code="d">OCLCQ</subfield><subfield code="d">AQM</subfield></datafield><datafield ind1=" " ind2=" " tag="019"><subfield code="a">207569493</subfield></datafield><datafield ind1="1" ind2=" " tag="029"><subfield code="a">AU@</subfield><subfield code="b">000025825012</subfield></datafield><datafield ind1=" " ind2=" " tag="042"><subfield code="a">msc</subfield></datafield><datafield ind1=" " ind2=" " tag="043"><subfield code="a">n-us-al</subfield></datafield><datafield ind1="0" ind2="0" tag="050"><subfield code="a">Newspaper 7003-X</subfield></datafield><datafield ind1="1" ind2="4" tag="050"><subfield code="a">AN</subfield></datafield><datafield ind1="0" ind2=" " tag="130"><subfield code="a">Tuscaloosa chronicle (Tuscaloosa, Ala. : 1827)</subfield></datafield><datafield ind1="1" ind2="0" tag="245"><subfield code="a">Tuscaloosa chronicle.</subfield></datafield><datafield ind1=" " ind2=" " tag="260"><subfield code="a">Tuscaloosa, Ala. :</subfield><subfield code="b">Davenport &amp; McFarlane</subfield></datafield><datafield ind1="3" ind2=" " tag="260"><subfield code="3">&lt;Oct. 1827-&gt;:</subfield><subfield code="a">Tuscaloosa, Ala. :</subfield><subfield code="b">Dugald M'Farlane</subfield></datafield><datafield ind1=" " ind2=" " tag="300"><subfield code="a">volumes ;</subfield><subfield code="c">54-69 cm.</subfield></datafield><datafield ind1=" " ind2=" " tag="310"><subfield code="a">Weekly</subfield></datafield><datafield ind1=" " ind2=" " tag="336"><subfield code="a">text</subfield><subfield code="b">txt</subfield><subfield code="2">rdacontent</subfield></datafield><datafield ind1=" " ind2=" " tag="337"><subfield code="a">unmediated</subfield><subfield code="b">n</subfield><subfield code="2">rdamedia</subfield></datafield><datafield ind1=" " ind2=" " tag="338"><subfield code="a">volume</subfield><subfield code="b">nc</subfield><subfield code="2">rdacarrier</subfield></datafield><datafield ind1="1" ind2=" " tag="362"><subfield code="a">Began in 1827.</subfield></datafield><datafield ind1=" " ind2=" " tag="500"><subfield code="a">Editors: Davenport &amp; M'Farlane, &lt;1827&gt;; S. Barton.</subfield></datafield><datafield ind1=" " ind2=" " tag="588"><subfield code="a">Description based on: Vol. 1, no. 3 (Feb. 14, 1827).</subfield></datafield><datafield ind1=" " ind2="7" tag="655"><subfield code="a">Newspapers.</subfield><subfield code="2">rbgenr</subfield></datafield><datafield ind1="1" ind2=" " tag="700"><subfield code="a">Barton, Seth,</subfield><subfield code="d">1795-1850.</subfield></datafield><datafield ind1="1" ind2=" " tag="700"><subfield code="a">Davenport, Thomas M.</subfield></datafield><datafield ind1="1" ind2=" " tag="700"><subfield code="a">M'Farlane, Dugald.</subfield></datafield><datafield ind1=" " ind2=" " tag="752"><subfield code="a">United States</subfield><subfield code="b">Alabama</subfield><subfield code="c">Tuscaloosa</subfield><subfield code="d">Tuscaloosa.</subfield></datafield><datafield ind1="0" ind2="0" tag="780"><subfield code="t">American mirror</subfield><subfield code="w">(DLC)sn 84021909</subfield><subfield code="w">(OCoLC)2665985</subfield></datafield></record>